@book{Smith2021qr,
	title = {Book Title},
	publisher = {Publisher},
	author = {Smith, J.~M. and Jones, A.~B.},
	year = {2021},
	edition = {7th},
}

@article{Zhang2021,
	author = {Yapeng Zhang et. al.},
	title = {The $^{13}$CO-rich atmosphere of a young
	accreting super-Jupiter},
	journal = {JNature},
	year = {2021},
	volume = {595},
	pages = {370-382},
	month = {7},
	publisher = {Nature Publishing},
	doi = {10.1038/s41586-021-03616-x},
}

@article{Adams_1993,
	author  = {Peter Adams}, 
	title   = {{The title of the work}},
	journal = {The journal of this and that},
	year    = 1993,
	number  = 2,
	pages   = {201-213},
	month   = 7,
	note    = {An optional note}, 
	volume  = 4
}

@book{Fielding,
  title = {Principled design of the modern Web architecture},
  author = {Roy Fielding and Richard N. Taylor},
  booktitle = {ICSE '00: Proceedings of the 22nd international conference on Software engineering},
  doi = {10.1145/337180.337228},
  editor = {Carlo Ghezzi, Mehdi Jazayeri andAlexander L. Wolf},
  isbn = {978-1-58113-206-9},
  publisher = {Association for Computing Machinery},
  year = {2010}}
  


@book{Sciore_2015,
	place={New York},
	edition={2nd ed.},
	title={Understanding Oracle APEX 5 application development},
	publisher={Apress},
	author={Sciore, Edward},
	year={2015} 
}

@book{Sciore_2020,
	place={New York},
	edition={3nd ed.},
	title={Understanding Oracle APEX 20 application development},
	publisher={Apress},
	author={Sciore, Edward},
	year={2020} 
}

@book{Sieben_2017,
	title={ Oracle APEX - Das umfassende Handbuch},
	ISBN={978-3-8362-4530-2},
	publisher={Rheinwerk Computing},
	author={Sieben, Jürgen},
	year={2017} 
}

@book{portoroz,
	author = {BAGGIA Alenka and MALI Aljaž and GRLICA Andrej and LESKOVAR Robert},
	title = {Oracle APEX in higher education},
	booktitle = {Organization and uncertainty in the digital age : conference proceedings. 37\nt{th} International Conference on Organizational Science Development},
	month = 3,
	year = 2018,
	publisher = {Univerzitetna založba Univerze},
	editor = {ARSENIJEVIĆ Olja},
	pages = {27-38},
	url={http://press.um.si/index.php/ump/catalog/book/326}
}

@book{belgrade,
	author = {BAGGIA Alenka and LESKOVAR Robert and RODIČ Blaž},
	title = {Low code programming with oracle apex offers new opportunities in higher education},
	booktitle = {Selected papers. Belgrade: Association of Economists and Managers of the Balkans},
	year = 2019,
	editor = {BEVANDA Vuk},
	pages = {91-97},
	url={https://www.itema-conference.com/wp-content/uploads/2020/08/ITEMA.S.P.},
	doi={10.31410/ITEMA.S.P.2019.91}
}

@book{vivid2020,
author = {LESKOVAR Robert and BAGGIA Alenka and MALI Aljaž and GRLICA Andrej and MIHELIČ Katja and KAVČIČ Peter},
title = {Cooperation between academia and industry: case of information system development course},
booktitle = {Conference proceedings: Education in information society: 21st International Multiconference Information Society IS},
year = 2020,
editor = {RAJKOVIČ Uroš and BATAGELJ, Borut},
pages = {163-166},
url={http://zalozba.fri.uni-lj.si/VIVID2018.pdf}
}

@book{Osterwalder2010,
	author = {Osterwalder, A. and Pigneur, Y. },
	title = {Business model generation: a handbook for visionaries, game changers, and challengers},
	year = {2010},
	volume = {1},
	publisher = {John Wiley and Sons}
}

@book{omg2011bpmn,
  author = {OMG},
  institution = {Object Management Group},
  keywords = {omg standard bpmn},
  organization = {Object Management Group},
  revision = {2.0},
  title = {Business Process Model and Notation (BPMN), Version 2.0},
  url = {http://www.omg.org/spec/BPMN/2.0},
  year = 2011
}

@book{oasis2013ubl,
	author = {OASIS OPEN},
	institution = {OASIS OPEN},
	keywords = {OASIS UBL},
	organization = {OASIS OPEN},
	revision = {2.1},
	title = {Universal Business Language Version 2.1, OASIS Standard, 04 November 2013},
	url = {http://docs.oasis-open.org/ubl/os-UBL-2.1/UBL-2.1.pdf},
	year = 2013
}

@article{Hill2002,
	author = {Hill Kim},
	title = {Altruistic cooperation during foraging by the Ache, and the evolved human predisposition to cooperate},
	journal = {Human Nature},
	year = {2002},
	volume = {13},
	pages = {105-128},
	month = {3},
	doi = {10.1007/s12110-002-1016-3}
}

@article{McKinley2017,
	author = {McKinley Shawna},
	title = {Oracle marketing: Open-source sustainability for corporate event planning},
	journal = {Global Business and Organizational Excellence},
	year = {2017},
	volume = {36},
	pages = {6-18},
	issue = {6},
	doi = {10.1002/joe.21809}
}

@book{jemielniak2020,
  title={Collaborative society},
  author={Jemielniak, Dariusz and Przegalinska, Aleksandra},
  year={2020},
  publisher={MIT Press}
}


